<?xml version="1.0" encoding="UTF-8"?><collection xmlns="http://www.loc.gov/MARC21/slim"><record><leader>00348nam--2200133-i-4500</leader><controlfield tag="001">000017191</controlfield><controlfield tag="002">20161230</controlfield><controlfield tag="005">20161230201032</controlfield><controlfield tag="008">060222s1000------------r-----000-0-eng-d</controlfield><datafield ind1=" " ind2=" " tag="080"><subfield code="a">061.62(439.1):001.891</subfield></datafield><datafield ind1=" " ind2=" " tag="245"><subfield code="a">Atomki. annual report 1993</subfield></datafield><datafield ind1=" " ind2=" " tag="260"><subfield code="a">Debrecen, Institute Of Nuclear Research, 1993 201 P</subfield></datafield><datafield ind1=" " ind2=" " tag="490"><subfield code="a">Annual Report</subfield></datafield><datafield ind1=" " ind2=" " tag="852"><subfield code="a">539</subfield></datafield></record></collection>